<?xml version="1.0" encoding="UTF-8"?><record xmlns="http://www.loc.gov/MARC21/slim" xmlns:cinclude="http://apache.org/cocoon/include/1.0" xmlns:zs="http://www.loc.gov/zing/srw/">
  <leader>00978cz  a2200205n  4500</leader>
  <controlfield tag="001">no2012155372</controlfield>
  <controlfield tag="003">DLC</controlfield>
  <controlfield tag="005">20121212075324.0</controlfield>
  <controlfield tag="008">121207n| azannaabn          |a ana     c</controlfield>
  <datafield tag="010" ind1=" " ind2=" ">
    <subfield code="a">no2012155372</subfield>
  </datafield>
  <datafield tag="035" ind1=" " ind2=" ">
    <subfield code="a">(OCoLC)oca09362163</subfield>
  </datafield>
  <datafield tag="040" ind1=" " ind2=" ">
    <subfield code="a">OrU</subfield>
    <subfield code="b">eng</subfield>
    <subfield code="e">rda</subfield>
    <subfield code="c">OrU</subfield>
    <subfield code="d">OrU</subfield>
  </datafield>
  <datafield tag="110" ind1="2" ind2=" ">
    <subfield code="a">Tumalo Irrigation Project (Or.)</subfield>
  </datafield>
  <datafield tag="372" ind1=" " ind2=" ">
    <subfield code="a">Irrigation projects</subfield>
    <subfield code="2">lcsh</subfield>
  </datafield>
  <datafield tag="410" ind1="1" ind2=" ">
    <subfield code="a">Oregon.</subfield>
    <subfield code="b">Tumalo Irrigation Project</subfield>
  </datafield>
  <datafield tag="410" ind1="2" ind2=" ">
    <subfield code="a">Tumalo Project (Or.)</subfield>
  </datafield>
  <datafield tag="510" ind1="2" ind2=" ">
    <subfield code="w">r</subfield>
    <subfield code="i">Predecessor:</subfield>
    <subfield code="a">Columbia Southern Irrigation Project</subfield>
  </datafield>
  <datafield tag="670" ind1=" " ind2=" ">
    <subfield code="a">Final report of the construction, 1914:</subfield>
    <subfield code="b">title page (Tumalo Irrigation Project) page 1 (Tumalo Project; formerly known as the Columbia Southern Irrigation Company Project)</subfield>
  </datafield>
  <datafield tag="670" ind1=" " ind2=" ">
    <subfield code="a">First annual report, Tumalo Project, June to December 1913.</subfield>
  </datafield>
  <datafield tag="670" ind1=" " ind2=" ">
    <subfield code="a">Oregon History Project WWW site, December 7, 2012</subfield>
    <subfield code="b">(Tumalo Irrigation Project)</subfield>
    <subfield code="u">http://ohs.org/education/oregonhistory/historical_records/dspDocument.cfm?doc_ID=840718AF-08AD-19FA-0655907C0F0D81CD</subfield>
  </datafield>
</record>